<record><leader>00000cas a22000007a 4500</leader><controlfield tag="001">14368861</controlfield><controlfield tag="008">861009d19641973nvuir ne      0    0eng d</controlfield><datafield ind1=" " ind2=" " tag="010"><subfield code="a">sn 86076413 </subfield></datafield><datafield ind1=" " ind2=" " tag="040"><subfield code="a">NNX</subfield><subfield code="b">eng</subfield><subfield code="c">NNX</subfield><subfield code="d">OCLCQ</subfield></datafield><datafield ind1=" " ind2=" " tag="042"><subfield code="a">msc</subfield></datafield><datafield ind1="0" ind2="0" tag="245"><subfield code="a">North Las Vegas valley times and Moapa-Virgin valley times.</subfield></datafield><datafield ind1="1" ind2="3" tag="246"><subfield code="a">Moapa-Virgin valley times</subfield></datafield><datafield ind1="1" ind2="7" tag="246"><subfield code="a">Valley times</subfield></datafield><datafield ind1=" " ind2=" " tag="260"><subfield code="a">North Las Vegas, Nev. :</subfield><subfield code="b">A. Yacienda,</subfield><subfield code="c">1964-1973.</subfield></datafield><datafield ind1=" " ind2=" " tag="300"><subfield code="a">12 v. :</subfield><subfield code="b">ill.</subfield></datafield><datafield ind1=" " ind2=" " tag="310"><subfield code="a">Three times a week,</subfield><subfield code="b">Mar. 6, 1973-Nov. 9, 1973</subfield></datafield><datafield ind1=" " ind2=" " tag="321"><subfield code="a">Semiweekly,</subfield><subfield code="b">Nov. 5, 1964-Mar. 1, 1973</subfield></datafield><datafield ind1="0" ind2=" " tag="362"><subfield code="a">Vol. 16, no. 218 (Nov. 5, 1964)-v. 27, no. 161 (Nov. 9, 1973).</subfield></datafield><datafield ind1=" " ind2=" " tag="500"><subfield code="a">Added masthead title: Moapa-Virgin valley times, Nov. 5, 1964-Mar. 6, 1967; Jan. 2, 1973-Oct. 17, 1973.</subfield></datafield><datafield ind1=" " ind2=" " tag="752"><subfield code="a">United States</subfield><subfield code="b">Nevada</subfield><subfield code="c">Clark</subfield><subfield code="d">North Las Vegas.</subfield></datafield><datafield ind1="0" ind2="0" tag="780"><subfield code="t">North Las Vegas valley times-news and Moapa-Virgin valley times</subfield><subfield code="w">(DLC)sn 86076412</subfield><subfield code="w">(OCoLC)14368785</subfield></datafield><datafield ind1="0" ind2="0" tag="785"><subfield code="t">North Las Vegas valley times</subfield><subfield code="w">(DLC)sn 86076414</subfield></datafield></record>